@article{anova,
  author  = {Zaharah Wahid},
  title   = {Application of one-way ANOVA in completely randomized experiments},
  journal = {Journal of Physics: Conference Series},
  number  = {949},
  year    = {2017}
}
@misc{scikit,
  title = {scikit-learn},
  url   = {\url{https://scikit-learn.org/}}
}